@ARTICLE{Chimsky2022,
   author = {Chimsky, Nim},
    title = "{The Illusion of Language}",
  journal = {Natural Language and Linguistic Theory},
 keywords = {Linguistics},
     year = 2022,
    volume = 25,
    number = 1,
}

@book{chomsky-why-2016,
	title = {Why Only Us: Language and Evolution},
	isbn = {978-0-262-33335-1},
	url = {https://direct.mit.edu/books/book/4464/Why-Only-UsLanguage-and-Evolution},
	shorttitle = {Why Only Us},
	publisher = {The {MIT} Press},
	author = {Chomsky, Noam and Berwick, Robert C.},
	urldate = {2022-05-02},
	year = {2016},
	langid = {english},
	doi = {10.7551/mitpress/10684.001.0001},
}
